@article{Reference1,
	Abstract = {We have developed an enhanced Littrow configuration extended cavity diode laser (ECDL) that can be tuned without changing the direction of the output beam. The output of a conventional Littrow ECDL is reflected from a plane mirror fixed parallel to the tuning diffraction grating. Using a free-space Michelson wavemeter to measure the laser wavelength, we can tune the laser over a range greater than 10 nm without any alteration of alignment.},
	Author = {C. J. Hawthorn and K. P. Weber and R. E. Scholten},
	Journal = {Review of Scientific Instruments},
	Month = {December},
	Number = {12},
	Numpages = {3},
	Pages = {4477--4479},
	Title = {Littrow Configuration Tunable External Cavity Diode Laser with Fixed Direction Output Beam},
	Volume = {72},
	Url = {http://link.aip.org/link/?RSI/72/4477/1},
	Year = {2001}}

@article{Reference3,
	Abstract = {Operating a laser diode in an extended cavity which provides frequency-selective feedback is a very effective method of reducing the laser's linewidth and improving its tunability. We have developed an extremely simple laser of this type, built from inexpensive commercial components with only a few minor modifications. A 780~nm laser built to this design has an output power of 80~mW, a linewidth of 350~kHz, and it has been continuously locked to a Doppler-free rubidium transition for several days.},
	Author = {A. S. Arnold and J. S. Wilson and M. G. Boshier},
	Journal = {Review of Scientific Instruments},
	Month = {March},
	Number = {3},
	Numpages = {4},
	Pages = {1236--1239},
	Title = {A Simple Extended-Cavity Diode Laser},
	Volume = {69},
	Url = {http://link.aip.org/link/?RSI/69/1236/1},
	Year = {1998}}

@article{Reference2,
	Abstract = {We present a review of the use of diode lasers in atomic physics with an extensive list of references. We discuss the relevant characteristics of diode lasers and explain how to purchase and use them. We also review the various techniques that have been used to control and narrow the spectral outputs of diode lasers. Finally we present a number of examples illustrating the use of diode lasers in atomic physics experiments. Review of Scientific Instruments is copyrighted by The American Institute of Physics.},
	Author = {Carl E. Wieman and Leo Hollberg},
	Journal = {Review of Scientific Instruments},
	Keywords = {Diode Laser},
	Month = {January},
	Number = {1},
	Numpages = {20},
	Pages = {1--20},
	Title = {Using Diode Lasers for Atomic Physics},
	Volume = {62},
	Url = {http://link.aip.org/link/?RSI/62/1/1},
	Year = {1991}}

@article{mcculloch1943logical,
  title={A logical calculus of the ideas immanent in nervous activity},
  author={McCulloch, Warren S and Pitts, Walter},
  journal={The bulletin of mathematical biophysics},
  volume={5},
  number={4},
  pages={115--133},
  year={1943},
  publisher={Springer}
}

@article{ZeilerF13,
  author    = {Matthew D. Zeiler and
               Rob Fergus},
  title     = {Visualizing and Understanding Convolutional Networks},
  journal   = {CoRR},
  volume    = {abs/1311.2901},
  year      = {2013},
  url       = {http://arxiv.org/abs/1311.2901},
  timestamp = {Tue, 03 Dec 2013 15:04:22 +0100},
  biburl    = {http://dblp.uni-trier.de/rec/bib/journals/corr/ZeilerF13},
  bibsource = {dblp computer science bibliography, http://dblp.org}
}

@inproceedings{niebles2007hierarchical,
  title={A hierarchical model of shape and appearance for human action classification},
  author={Niebles, Juan Carlos and Fei-Fei, Li},
  booktitle={Computer Vision and Pattern Recognition, 2007. CVPR'07. IEEE Conference on},
  pages={1--8},
  year={2007},
  organization={IEEE}
}

@inproceedings{agrawal14analyzing,
  Author    = {Pulkit Agrawal and
               Ross Girshick and
               Jitendra Malik},
  Title     = {Analyzing the Performance of Multilayer
               Neural Networks for Object Recognition},
  Booktitle = {Proceedings of the European
               Conference on Computer Vision ({ECCV})},
  Year      = {2014}
}
  
@article{jia2014caffe,
  Author = {Jia, Yangqing and Shelhamer, Evan and Donahue, Jeff and Karayev, Sergey and Long, Jonathan and Girshick, Ross and Guadarrama, Sergio and Darrell, Trevor},
  Journal = {arXiv preprint arXiv:1408.5093},
  Title = {Caffe: Convolutional Architecture for Fast Feature Embedding},
  Year = {2014}
}

@article{sonka1998image,
  author={Sonka, Milan and Hlavac, Vaclav and Boyle, Roger},
  title={Image Processing, Analysis, and Machine Vision. 1999},
  journal={Champion \& Hall},
  pages={2--6},
  year={1998}
}

@book{bishop1995neural,
  title={Neural networks for pattern recognition},
  author={Bishop, Christopher M.},
  year={1995},
  publisher={Clarendon press Oxford}
}

@article{lutwo,
  title={Two-Class Weather Classification},
  author={Lu, Cewu and Lin, Di and Jia, Jiaya and Tang, Chi-Keung},
  journal={IEEE Conference on Computer Vision and Pattern Recognition (CVPR)},
  year = {2014}
}

@article{hinton2006reducing,
  title={Reducing the dimensionality of data with neural networks},
  author={Hinton, Geoffrey E and Salakhutdinov, Ruslan R},
  journal={Science},
  volume={313},
  number={5786},
  pages={504--507},
  year={2006},
  publisher={American Association for the Advancement of Science}
}
@article{pan2010survey,
  title={A survey on transfer learning},
  author={Pan, Sinno Jialin and Yang, Qiang},
  journal={Knowledge and Data Engineering, IEEE Transactions on},
  volume={22},
  number={10},
  pages={1345--1359},
  year={2010},
  publisher={IEEE}
}
@article{lazebnik2006beyond,
  title={Beyond bags of features: Spatial pyramid matching for recognizing natural scene categories},
  author={Lazebnik, Svetlana and Schmid, Cordelia and Ponce, Jean},
  journal={IEEE Conference on Computer Vision and Pattern Recognition (CVPR)},
  year={2006},
}
@article{he2014spatial,
  title={Spatial pyramid pooling in deep convolutional networks for visual recognition},
  author={He, Kaiming and Zhang, Xiangyu and Ren, Shaoqing and Sun, Jian},
  journal={The 13th European Conference on Computer Vision (ECCV)},
  year={2014},
  publisher={Springer}
}
@article{boutell2004learning,
  title={Learning multi-label scene classification},
  author={Boutell, Matthew R and Luo, Jiebo and Shen, Xipeng and Brown, Christopher M},
  journal={Pattern recognition},
  volume={37},
  number={9},
  pages={1757--1771},
  year={2004},
  publisher={Elsevier}
}

@article{roser2008classification,
  title={Classification of weather situations on single color images},
  author={Roser, Martin and Moosmann, Frank},
  journal={Intelligent Vehicles Symposium, IEEE},
  year={2008},
  organization={IEEE}
}

@article{klinker1990physical,
  title={A physical approach to color image understanding},
  author={Klinker, Gudrun J and Shafer, Steven A and Kanade, Takeo},
  journal={International Journal of Computer Vision},
  volume={4},
  number={1},
  pages={7--38},
  year={1990},
  publisher={Springer}
}

@article{shotton2009textonboost,
  title={Textonboost for image understanding: Multi-class object recognition and segmentation by jointly modeling texture, layout, and context},
  author={Shotton, Jamie and Winn, John and Rother, Carsten and Criminisi, Antonio},
  journal={International Journal of Computer Vision},
  volume={81},
  number={1},
  pages={2--23},
  year={2009},
  publisher={Springer}
}

@article{bosch2006scene,
  title={Scene classification via pLSA},
  author={Bosch, Anna and Zisserman, Andrew and Mu{\~n}oz, Xavier},
  booktitle={Computer Vision--ECCV 2006},
  pages={517--530},
  year={2006},
  publisher={Springer}
}

@inproceedings{serrano2002computationally,
  title={A computationally efficient approach to indoor/outdoor scene classification},
  author={Serrano, Navid and Savakis, Andreas and Luo, Jiebo},
  booktitle={Pattern Recognition, 2002. Proceedings. 16th International Conference on},
  volume={4},
  pages={146--149},
  year={2002},
  organization={IEEE}
}
@inproceedings{yan2003predicting,
  title={On predicting rare classes with SVM ensembles in scene classification},
  author={Yan, Rong and Liu, Yan and Jin, Rong and Hauptmann, Alex},
  booktitle={Acoustics, Speech, and Signal Processing, 2003. Proceedings.(ICASSP'03). 2003 IEEE International Conference on},
  volume={3},
  pages={III--21},
  year={2003},
  organization={IEEE}
}
@inproceedings{gokalp2007scene,
  title={Scene classification using bag-of-regions representations},
  author={Gokalp, Demir and Aksoy, Selim},
  booktitle={Computer Vision and Pattern Recognition, 2007. CVPR'07. IEEE Conference on},
  pages={1--8},
  year={2007},
  organization={IEEE}
}

@article{serrano2004improved,
  title={Improved scene classification using efficient low-level features and semantic cues},
  author={Serrano, Navid and Savakis, Andreas E and Luo, Jiebo},
  journal={Pattern Recognition},
  volume={37},
  number={9},
  pages={1773--1784},
  year={2004},
  publisher={Elsevier}
}

@article{oquab2013learning,
  title={Learning and transferring mid-level image representations using convolutional neural networks},
  author={Oquab, Maxime and Bottou, Leon and Laptev, Ivan and Sivic, Josef and others},
  journal={IEEE Conference on Computer Vision and Pattern Recognition (CVPR)},
  year={2014}
}

@article{yu2013pairwise,
  title={Pairwise constraints based multiview features fusion for scene classification},
  author={Yu, Jun and Tao, Dacheng and Rui, Yong and Cheng, Jun},
  journal={Pattern Recognition},
  volume={46},
  number={2},
  pages={483--496},
  year={2013},
  publisher={Elsevier}
}

@inproceedings{liu2007scene,
  title={Scene modeling using co-clustering},
  author={Liu, Jingen and Shah, Mubarak},
  booktitle={Computer Vision, 2007. ICCV 2007. IEEE 11th International Conference on},
  pages={1--7},
  year={2007},
  organization={IEEE}
}

@inproceedings{szummer1998indoor,
  title={Indoor-outdoor image classification},
  author={Szummer, Martin and Picard, Rosalind W},
  booktitle={Content-Based Access of Image and Video Database, 1998. Proceedings., 1998 IEEE International Workshop on},
  pages={42--51},
  year={1998},
  organization={IEEE}
}

@article{vailaya2002automatic,
  title={Automatic image orientation detection},
  author={Vailaya, Aditya and Zhang, HongJiang and Yang, Changjiang and Liu, Feng-I and Jain, Anil K},
  journal={Image Processing, IEEE Transactions on},
  volume={11},
  number={7},
  pages={746--755},
  year={2002},
  publisher={IEEE}
}

@inproceedings{krizhevsky2012imagenet,
  title={Imagenet classification with deep convolutional neural networks},
  author={Krizhevsky, Alex and Sutskever, Ilya and Hinton, Geoffrey E},
  booktitle={Advances in neural information processing systems},
  pages={1097--1105},
  year={2012}
}

@article{Lampert2009transfer, 
author={Lampert, C.H. and Nickisch, H. and Harmeling, S.}, 
journal={IEEE Conference on Computer Vision and Pattern Recognition (CVPR)},
title={Learning to detect unseen object classes by between-class attribute transfer}, 
year={2009}, 
month={June}, 
pages={951-958}, 
}

@inproceedings{rohrbach2010helps,
  title={What helps where--and why? semantic relatedness for knowledge transfer},
  author={Rohrbach, Marcus and Stark, Michael and Szarvas, Gyorgy and Gurevych, Iryna and Schiele, Bernt},
  booktitle={Computer Vision and Pattern Recognition (CVPR), 2010 IEEE Conference on},
  pages={910--917},
  year={2010},
  organization={IEEE}
}

@article{jia2014caffe,
  Author = {Jia, Yangqing and Shelhamer, Evan and Donahue, Jeff and Karayev, Sergey and Long, Jonathan and Girshick, Ross and Guadarrama, Sergio and Darrell, Trevor},
  Journal = {arXiv preprint arXiv:1408.5093},
  Title = {Caffe: Convolutional Architecture for Fast Feature Embedding},
  Year = {2014}
}

@article{rosenblatt1958perceptron,
  title={The perceptron: a probabilistic model for information storage and organization in the brain.},
  author={Rosenblatt, Frank},
  journal={Psychological review},
  volume={65},
  number={6},
  pages={386},
  year={1958},
  publisher={American Psychological Association}
}

@article{lecun1998gradient,
  title={Gradient-based learning applied to document recognition},
  author={LeCun, Yann and Bottou, L{\'e}on and Bengio, Yoshua and Haffner, Patrick},
  journal={Proceedings of the IEEE},
  volume={86},
  number={11},
  pages={2278--2324},
  year={1998},
  publisher={IEEE}
}

@article{russell2008labelme,
  title={LabelMe: a database and web-based tool for image annotation},
  author={Russell, Bryan C and Torralba, Antonio and Murphy, Kevin P and Freeman, William T},
  journal={International journal of computer vision},
  volume={77},
  number={1-3},
  pages={157--173},
  year={2008},
  publisher={Springer}
}

@inproceedings{xiao2010sun,
  title={Sun database: Large-scale scene recognition from abbey to zoo},
  author={Xiao, Jianxiong and Hays, James and Ehinger, Krista and Oliva, Aude and Torralba, Antonio and others},
  booktitle={Computer vision and pattern recognition (CVPR), 2010 IEEE conference on},
  pages={3485--3492},
  year={2010},
  organization={IEEE}
}

@inproceedings{nair2010rectified,
  title={Rectified linear units improve restricted boltzmann machines},
  author={Nair, Vinod and Hinton, Geoffrey E},
  booktitle={Proceedings of the 27th International Conference on Machine Learning (ICML-10)},
  pages={807--814},
  year={2010}
}

@article{CC01a,
 author = {Chang, Chih-Chung and Lin, Chih-Jen},
 title = {{LIBSVM}: A library for support vector machines},
 journal = {ACM Transactions on Intelligent Systems and Technology},
 volume = {2},
 issue = {3},
 year = {2011},
 pages = {27:1--27:27},
 note =	 {Software available at \url{http://www.csie.ntu.edu.tw/~cjlin/libsvm}}
}

